
%lai添加的bib-----------------------------------------------------------------------------
@article{grange2023introduction,
  title={An introduction to variational quantum algorithms for combinatorial optimization problems},
  author={Grange, Camille and Poss, Michael and Bourreau, Eric},
  journal={4OR},
  volume={21},
  number={3},
  pages={363--403},
  year={2023},
  publisher={Springer}
}

@book{nielsen2010quantum,
  title={Quantum computation and quantum information},
  author={Nielsen, Michael A and Chuang, Isaac L},
  year={2010},
  publisher={Cambridge university press}
}

@article{zhou2023qaoa,
  title={QAOA-in-QAOA: solving large-scale MaxCut problems on small quantum machines},
  author={Zhou, Zeqiao and Du, Yuxuan and Tian, Xinmei and Tao, Dacheng},
  journal={Physical Review Applied},
  volume={19},
  number={2},
  pages={024027},
  year={2023},
  publisher={APS}
}

@article{chen2023monte,
  title={Monte carlo policy gradient method for binary optimization},
  author={Chen, Cheng and Chen, Ruitao and Li, Tianyou and Ao, Ruichen and Wen, Zaiwen},
  journal={arXiv preprint arXiv:2307.00783},
  year={2023}
}


@article{lin2022lecture,
  title={Lecture notes on quantum algorithms for scientific computation},
  author={Lin, Lin},
  journal={arXiv preprint arXiv:2201.08309},
  year={2022}
}

@article{crooks2019gradients,
  title={Gradients of parameterized quantum gates using the parameter-shift rule and gate decomposition},
  author={Crooks, Gavin E},
  journal={arXiv preprint arXiv:1905.13311},
  year={2019}
}

@article{ding2023random,
  title={Random coordinate descent: a simple alternative for optimizing parameterized quantum circuits},
  author={Ding, Zhiyan and Ko, Taehee and Yao, Jiahao and Lin, Lin and Li, Xiantao},
  journal={arXiv preprint arXiv:2311.00088},
  year={2023}
}

@article{sweke2020stochastic,
  title={Stochastic gradient descent for hybrid quantum-classical optimization},
  author={Sweke, Ryan and Wilde, Frederik and Meyer, Johannes and Schuld, Maria and F{\"a}hrmann, Paul K and Meynard-Piganeau, Barth{\'e}l{\'e}my and Eisert, Jens},
  journal={Quantum},
  volume={4},
  pages={314},
  year={2020},
  publisher={Verein zur F{\"o}rderung des Open Access Publizierens in den Quantenwissenschaften}
}

@article{cerezo2021variational,
  title={Variational quantum algorithms},
  author={Cerezo, Marco and Arrasmith, Andrew and Babbush, Ryan and Benjamin, Simon C and Endo, Suguru and Fujii, Keisuke and McClean, Jarrod R and Mitarai, Kosuke and Yuan, Xiao and Cincio, Lukasz and others},
  journal={Nature Reviews Physics},
  volume={3},
  number={9},
  pages={625--644},
  year={2021},
  publisher={Nature Publishing Group UK London}
}

%--------------------------------------------------------------------------------------

%HL添加的bib-----------------------------------------------------------------------------
@article{simon1997power,
  title={On the power of quantum computation},
  author={Simon, Daniel R},
  journal={SIAM journal on computing},
  volume={26},
  number={5},
  pages={1474--1483},
  year={1997},
  publisher={SIAM}
}

@article{monteiro2004uniform,
  title={Uniform boundedness of a preconditioned normal matrix used in interior-point methods},
  author={Monteiro, Renato DC and O'Neal, Jerome W and Tsuchiya, Takashi},
  journal={SIAM Journal on Optimization},
  volume={15},
  number={1},
  pages={96--100},
  year={2004},
  publisher={SIAM}
}
%--------------------------------------------------------------------------------------